%YAML 1.1
%TAG !u! tag:unity3d.com,2011:
--- !u!29 &1
OcclusionCullingSettings:
  m_ObjectHideFlags: 0
  serializedVersion: 2
  m_OcclusionBakeSettings:
    smallestOccluder: 5
    smallestHole: 0.25
    backfaceThreshold: 100
  m_SceneGUID: 00000000000000000000000000000000
  m_OcclusionCullingData: {fileID: 0}
--- !u!104 &2
RenderSettings:
  m_ObjectHideFlags: 0
  serializedVersion: 8
  m_Fog: 0
  m_FogColor: {r: 0.5, g: 0.5, b: 0.5, a: 1}
  m_FogMode: 3
  m_FogDensity: 0.01
  m_LinearFogStart: 0
  m_LinearFogEnd: 300
  m_AmbientSkyColor: {r: 0.212, g: 0.227, b: 0.259, a: 1}
  m_AmbientEquatorColor: {r: 0.114, g: 0.125, b: 0.133, a: 1}
  m_AmbientGroundColor: {r: 0.047, g: 0.043, b: 0.035, a: 1}
  m_AmbientIntensity: 1
  m_AmbientMode: 0
  m_SubtractiveShadowColor: {r: 0.42, g: 0.478, b: 0.627, a: 1}
  m_SkyboxMaterial: {fileID: 10304, guid: 0000000000000000f000000000000000, type: 0}
  m_HaloStrength: 0.5
  m_FlareStrength: 1
  m_FlareFadeSpeed: 3
  m_HaloTexture: {fileID: 0}
  m_SpotCookie: {fileID: 10001, guid: 0000000000000000e000000000000000, type: 0}
  m_DefaultReflectionMode: 0
  m_DefaultReflectionResolution: 128
  m_ReflectionBounces: 1
  m_ReflectionIntensity: 1
  m_CustomReflection: {fileID: 0}
  m_Sun: {fileID: 0}
  m_IndirectSpecularColor: {r: 0, g: 0, b: 0, a: 1}
--- !u!157 &4
LightmapSettings:
  m_ObjectHideFlags: 0
  serializedVersion: 11
  m_GIWorkflowMode: 0
  m_GISettings:
    serializedVersion: 2
    m_BounceScale: 1
    m_IndirectOutputScale: 1
    m_AlbedoBoost: 1
    m_TemporalCoherenceThreshold: 1
    m_EnvironmentLightingMode: 0
    m_EnableBakedLightmaps: 1
    m_EnableRealtimeLightmaps: 1
  m_LightmapEditorSettings:
    serializedVersion: 9
    m_Resolution: 2
    m_BakeResolution: 40
    m_TextureWidth: 1024
    m_TextureHeight: 1024
    m_AO: 0
    m_AOMaxDistance: 1
    m_CompAOExponent: 0
    m_CompAOExponentDirect: 0
    m_Padding: 2
    m_LightmapParameters: {fileID: 0}
    m_LightmapsBakeMode: 1
    m_TextureCompression: 1
    m_FinalGather: 0
    m_FinalGatherFiltering: 1
    m_FinalGatherRayCount: 1024
    m_ReflectionCompression: 2
    m_MixedBakeMode: 1
    m_BakeBackend: 0
    m_PVRSampling: 1
    m_PVRDirectSampleCount: 32
    m_PVRSampleCount: 500
    m_PVRBounces: 2
    m_PVRFilterTypeDirect: 0
    m_PVRFilterTypeIndirect: 0
    m_PVRFilterTypeAO: 0
    m_PVRFilteringMode: 0
    m_PVRCulling: 1
    m_PVRFilteringGaussRadiusDirect: 1
    m_PVRFilteringGaussRadiusIndirect: 5
    m_PVRFilteringGaussRadiusAO: 2
    m_PVRFilteringAtrousPositionSigmaDirect: 0.5
    m_PVRFilteringAtrousPositionSigmaIndirect: 2
    m_PVRFilteringAtrousPositionSigmaAO: 1
  m_LightingDataAsset: {fileID: 0}
  m_UseShadowmask: 0
--- !u!196 &5
NavMeshSettings:
  serializedVersion: 2
  m_ObjectHideFlags: 0
  m_BuildSettings:
    serializedVersion: 2
    agentTypeID: 0
    agentRadius: 0.5
    agentHeight: 2
    agentSlope: 45
    agentClimb: 0.4
    ledgeDropHeight: 0
    maxJumpAcrossDistance: 0
    minRegionArea: 2
    manualCellSize: 0
    cellSize: 0.16666667
    manualTileSize: 0
    tileSize: 256
    accuratePlacement: 0
    debug:
      m_Flags: 0
  m_NavMeshData: {fileID: 0}
--- !u!1 &45004410
GameObject:
  m_ObjectHideFlags: 0
  m_PrefabParentObject: {fileID: 177772, guid: 217352bf0da9ebb458dbf7e513e2735d, type: 2}
  m_PrefabInternal: {fileID: 1935857316}
  serializedVersion: 5
  m_Component:
  - component: {fileID: 45004411}
  - component: {fileID: 45004414}
  - component: {fileID: 45004413}
  - component: {fileID: 45004412}
  m_Layer: 0
  m_Name: WoodenCrateMesh
  m_TagString: Untagged
  m_Icon: {fileID: 0}
  m_NavMeshLayer: 0
  m_StaticEditorFlags: 0
  m_IsActive: 1
--- !u!4 &45004411
Transform:
  m_ObjectHideFlags: 0
  m_PrefabParentObject: {fileID: 435884, guid: 217352bf0da9ebb458dbf7e513e2735d, type: 2}
  m_PrefabInternal: {fileID: 1935857316}
  m_GameObject: {fileID: 45004410}
  m_LocalRotation: {x: -0.7071068, y: 0, z: 0, w: 0.7071067}
  m_LocalPosition: {x: 0, y: 0, z: 0}
  m_LocalScale: {x: 1, y: 1, z: 1}
  m_Children: []
  m_Father: {fileID: 1792819268}
  m_RootOrder: 0
  m_LocalEulerAnglesHint: {x: 0, y: 0, z: 0}
--- !u!65 &45004412
BoxCollider:
  m_ObjectHideFlags: 0
  m_PrefabParentObject: {fileID: 6522806, guid: 217352bf0da9ebb458dbf7e513e2735d,
    type: 2}
  m_PrefabInternal: {fileID: 1935857316}
  m_GameObject: {fileID: 45004410}
  m_Material: {fileID: 0}
  m_IsTrigger: 0
  m_Enabled: 1
  serializedVersion: 2
  m_Size: {x: 0.8650856, y: 0.8650855, z: 0.79819655}
  m_Center: {x: 0, y: 0, z: 0.39909828}
--- !u!23 &45004413
MeshRenderer:
  m_ObjectHideFlags: 0
  m_PrefabParentObject: {fileID: 2316930, guid: 217352bf0da9ebb458dbf7e513e2735d,
    type: 2}
  m_PrefabInternal: {fileID: 1935857316}
  m_GameObject: {fileID: 45004410}
  m_Enabled: 1
  m_CastShadows: 1
  m_ReceiveShadows: 1
  m_DynamicOccludee: 1
  m_MotionVectors: 1
  m_LightProbeUsage: 1
  m_ReflectionProbeUsage: 1
  m_Materials:
  - {fileID: 2100000, guid: 8472629c999bd4949b126e5ce9f7b48f, type: 2}
  m_StaticBatchInfo:
    firstSubMesh: 0
    subMeshCount: 0
  m_StaticBatchRoot: {fileID: 0}
  m_ProbeAnchor: {fileID: 0}
  m_LightProbeVolumeOverride: {fileID: 0}
  m_ScaleInLightmap: 1
  m_PreserveUVs: 0
  m_IgnoreNormalsForChartDetection: 0
  m_ImportantGI: 0
  m_StitchLightmapSeams: 0
  m_SelectedEditorRenderState: 3
  m_MinimumChartSize: 4
  m_AutoUVMaxDistance: 0.5
  m_AutoUVMaxAngle: 89
  m_LightmapParameters: {fileID: 0}
  m_SortingLayerID: 0
  m_SortingLayer: 0
  m_SortingOrder: 0
--- !u!33 &45004414
MeshFilter:
  m_ObjectHideFlags: 0
  m_PrefabParentObject: {fileID: 3344902, guid: 217352bf0da9ebb458dbf7e513e2735d,
    type: 2}
  m_PrefabInternal: {fileID: 1935857316}
  m_GameObject: {fileID: 45004410}
  m_Mesh: {fileID: 4300000, guid: 66294da3089ce5c40929cbc1c8adf48a, type: 3}
--- !u!1001 &343088927
Prefab:
  m_ObjectHideFlags: 0
  serializedVersion: 2
  m_Modification:
    m_TransformParent: {fileID: 0}
    m_Modifications:
    - target: {fileID: 407362, guid: 217352bf0da9ebb458dbf7e513e2735d, type: 2}
      propertyPath: m_LocalPosition.x
      value: 1.02600002
      objectReference: {fileID: 0}
    - target: {fileID: 407362, guid: 217352bf0da9ebb458dbf7e513e2735d, type: 2}
      propertyPath: m_LocalPosition.y
      value: 0
      objectReference: {fileID: 0}
    - target: {fileID: 407362, guid: 217352bf0da9ebb458dbf7e513e2735d, type: 2}
      propertyPath: m_LocalPosition.z
      value: -.0199999996
      objectReference: {fileID: 0}
    - target: {fileID: 407362, guid: 217352bf0da9ebb458dbf7e513e2735d, type: 2}
      propertyPath: m_LocalRotation.x
      value: 0
      objectReference: {fileID: 0}
    - target: {fileID: 407362, guid: 217352bf0da9ebb458dbf7e513e2735d, type: 2}
      propertyPath: m_LocalRotation.y
      value: -.290934354
      objectReference: {fileID: 0}
    - target: {fileID: 407362, guid: 217352bf0da9ebb458dbf7e513e2735d, type: 2}
      propertyPath: m_LocalRotation.z
      value: 0
      objectReference: {fileID: 0}
    - target: {fileID: 407362, guid: 217352bf0da9ebb458dbf7e513e2735d, type: 2}
      propertyPath: m_LocalRotation.w
      value: .956743002
      objectReference: {fileID: 0}
    - target: {fileID: 407362, guid: 217352bf0da9ebb458dbf7e513e2735d, type: 2}
      propertyPath: m_RootOrder
      value: 0
      objectReference: {fileID: 0}
    - target: {fileID: 108158, guid: 217352bf0da9ebb458dbf7e513e2735d, type: 2}
      propertyPath: m_Name
      value: WoodenCrate 1
      objectReference: {fileID: 0}
    m_RemovedComponents: []
  m_ParentPrefab: {fileID: 100100000, guid: 217352bf0da9ebb458dbf7e513e2735d, type: 2}
  m_RootGameObject: {fileID: 1598741701}
  m_IsPrefabParent: 0
--- !u!1001 &785090542
Prefab:
  m_ObjectHideFlags: 0
  serializedVersion: 2
  m_Modification:
    m_TransformParent: {fileID: 0}
    m_Modifications:
    - target: {fileID: 407362, guid: 217352bf0da9ebb458dbf7e513e2735d, type: 2}
      propertyPath: m_LocalPosition.x
      value: -.629999995
      objectReference: {fileID: 0}
    - target: {fileID: 407362, guid: 217352bf0da9ebb458dbf7e513e2735d, type: 2}
      propertyPath: m_LocalPosition.y
      value: .797999978
      objectReference: {fileID: 0}
    - target: {fileID: 407362, guid: 217352bf0da9ebb458dbf7e513e2735d, type: 2}
      propertyPath: m_LocalPosition.z
      value: -.0790000036
      objectReference: {fileID: 0}
    - target: {fileID: 407362, guid: 217352bf0da9ebb458dbf7e513e2735d, type: 2}
      propertyPath: m_LocalRotation.x
      value: 0
      objectReference: {fileID: 0}
    - target: {fileID: 407362, guid: 217352bf0da9ebb458dbf7e513e2735d, type: 2}
      propertyPath: m_LocalRotation.y
      value: -.785097301
      objectReference: {fileID: 0}
    - target: {fileID: 407362, guid: 217352bf0da9ebb458dbf7e513e2735d, type: 2}
      propertyPath: m_LocalRotation.z
      value: 0
      objectReference: {fileID: 0}
    - target: {fileID: 407362, guid: 217352bf0da9ebb458dbf7e513e2735d, type: 2}
      propertyPath: m_LocalRotation.w
      value: .619372547
      objectReference: {fileID: 0}
    - target: {fileID: 407362, guid: 217352bf0da9ebb458dbf7e513e2735d, type: 2}
      propertyPath: m_RootOrder
      value: 0
      objectReference: {fileID: 0}
    - target: {fileID: 108158, guid: 217352bf0da9ebb458dbf7e513e2735d, type: 2}
      propertyPath: m_Name
      value: WoodenCrate 4
      objectReference: {fileID: 0}
    m_RemovedComponents: []
  m_ParentPrefab: {fileID: 100100000, guid: 217352bf0da9ebb458dbf7e513e2735d, type: 2}
  m_RootGameObject: {fileID: 2129619896}
  m_IsPrefabParent: 0
--- !u!1001 &830919667
Prefab:
  m_ObjectHideFlags: 0
  serializedVersion: 2
  m_Modification:
    m_TransformParent: {fileID: 0}
    m_Modifications:
    - target: {fileID: 407362, guid: 217352bf0da9ebb458dbf7e513e2735d, type: 2}
      propertyPath: m_LocalPosition.x
      value: 2.75999999
      objectReference: {fileID: 0}
    - target: {fileID: 407362, guid: 217352bf0da9ebb458dbf7e513e2735d, type: 2}
      propertyPath: m_LocalPosition.y
      value: 0
      objectReference: {fileID: 0}
    - target: {fileID: 407362, guid: 217352bf0da9ebb458dbf7e513e2735d, type: 2}
      propertyPath: m_LocalPosition.z
      value: 1.63
      objectReference: {fileID: 0}
    - target: {fileID: 407362, guid: 217352bf0da9ebb458dbf7e513e2735d, type: 2}
      propertyPath: m_LocalRotation.x
      value: 0
      objectReference: {fileID: 0}
    - target: {fileID: 407362, guid: 217352bf0da9ebb458dbf7e513e2735d, type: 2}
      propertyPath: m_LocalRotation.y
      value: .152092546
      objectReference: {fileID: 0}
    - target: {fileID: 407362, guid: 217352bf0da9ebb458dbf7e513e2735d, type: 2}
      propertyPath: m_LocalRotation.z
      value: 0
      objectReference: {fileID: 0}
    - target: {fileID: 407362, guid: 217352bf0da9ebb458dbf7e513e2735d, type: 2}
      propertyPath: m_LocalRotation.w
      value: .988366246
      objectReference: {fileID: 0}
    - target: {fileID: 407362, guid: 217352bf0da9ebb458dbf7e513e2735d, type: 2}
      propertyPath: m_RootOrder
      value: 0
      objectReference: {fileID: 0}
    - target: {fileID: 108158, guid: 217352bf0da9ebb458dbf7e513e2735d, type: 2}
      propertyPath: m_Name
      value: WoodenCrate 6
      objectReference: {fileID: 0}
    m_RemovedComponents: []
  m_ParentPrefab: {fileID: 100100000, guid: 217352bf0da9ebb458dbf7e513e2735d, type: 2}
  m_RootGameObject: {fileID: 1536021997}
  m_IsPrefabParent: 0
--- !u!1001 &874147224
Prefab:
  m_ObjectHideFlags: 0
  serializedVersion: 2
  m_Modification:
    m_TransformParent: {fileID: 0}
    m_Modifications:
    - target: {fileID: 407362, guid: 217352bf0da9ebb458dbf7e513e2735d, type: 2}
      propertyPath: m_LocalPosition.x
      value: 0
      objectReference: {fileID: 0}
    - target: {fileID: 407362, guid: 217352bf0da9ebb458dbf7e513e2735d, type: 2}
      propertyPath: m_LocalPosition.y
      value: 0
      objectReference: {fileID: 0}
    - target: {fileID: 407362, guid: 217352bf0da9ebb458dbf7e513e2735d, type: 2}
      propertyPath: m_LocalPosition.z
      value: 0
      objectReference: {fileID: 0}
    - target: {fileID: 407362, guid: 217352bf0da9ebb458dbf7e513e2735d, type: 2}
      propertyPath: m_LocalRotation.x
      value: 0
      objectReference: {fileID: 0}
    - target: {fileID: 407362, guid: 217352bf0da9ebb458dbf7e513e2735d, type: 2}
      propertyPath: m_LocalRotation.y
      value: 0
      objectReference: {fileID: 0}
    - target: {fileID: 407362, guid: 217352bf0da9ebb458dbf7e513e2735d, type: 2}
      propertyPath: m_LocalRotation.z
      value: 0
      objectReference: {fileID: 0}
    - target: {fileID: 407362, guid: 217352bf0da9ebb458dbf7e513e2735d, type: 2}
      propertyPath: m_LocalRotation.w
      value: 1
      objectReference: {fileID: 0}
    - target: {fileID: 407362, guid: 217352bf0da9ebb458dbf7e513e2735d, type: 2}
      propertyPath: m_RootOrder
      value: 0
      objectReference: {fileID: 0}
    m_RemovedComponents: []
  m_ParentPrefab: {fileID: 100100000, guid: 217352bf0da9ebb458dbf7e513e2735d, type: 2}
  m_RootGameObject: {fileID: 2113682479}
  m_IsPrefabParent: 0
--- !u!1 &1173147944
GameObject:
  m_ObjectHideFlags: 0
  m_PrefabParentObject: {fileID: 177772, guid: 217352bf0da9ebb458dbf7e513e2735d, type: 2}
  m_PrefabInternal: {fileID: 343088927}
  serializedVersion: 5
  m_Component:
  - component: {fileID: 1173147945}
  - component: {fileID: 1173147948}
  - component: {fileID: 1173147947}
  - component: {fileID: 1173147946}
  m_Layer: 0
  m_Name: WoodenCrateMesh
  m_TagString: Untagged
  m_Icon: {fileID: 0}
  m_NavMeshLayer: 0
  m_StaticEditorFlags: 0
  m_IsActive: 1
--- !u!4 &1173147945
Transform:
  m_ObjectHideFlags: 0
  m_PrefabParentObject: {fileID: 435884, guid: 217352bf0da9ebb458dbf7e513e2735d, type: 2}
  m_PrefabInternal: {fileID: 343088927}
  m_GameObject: {fileID: 1173147944}
  m_LocalRotation: {x: -0.7071068, y: 0, z: 0, w: 0.7071067}
  m_LocalPosition: {x: 0, y: 0, z: 0}
  m_LocalScale: {x: 1, y: 1, z: 1}
  m_Children: []
  m_Father: {fileID: 1598741702}
  m_RootOrder: 0
  m_LocalEulerAnglesHint: {x: 0, y: 0, z: 0}
--- !u!65 &1173147946
BoxCollider:
  m_ObjectHideFlags: 0
  m_PrefabParentObject: {fileID: 6522806, guid: 217352bf0da9ebb458dbf7e513e2735d,
    type: 2}
  m_PrefabInternal: {fileID: 343088927}
  m_GameObject: {fileID: 1173147944}
  m_Material: {fileID: 0}
  m_IsTrigger: 0
  m_Enabled: 1
  serializedVersion: 2
  m_Size: {x: 0.8650856, y: 0.8650855, z: 0.79819655}
  m_Center: {x: 0, y: 0, z: 0.39909828}
--- !u!23 &1173147947
MeshRenderer:
  m_ObjectHideFlags: 0
  m_PrefabParentObject: {fileID: 2316930, guid: 217352bf0da9ebb458dbf7e513e2735d,
    type: 2}
  m_PrefabInternal: {fileID: 343088927}
  m_GameObject: {fileID: 1173147944}
  m_Enabled: 1
  m_CastShadows: 1
  m_ReceiveShadows: 1
  m_DynamicOccludee: 1
  m_MotionVectors: 1
  m_LightProbeUsage: 1
  m_ReflectionProbeUsage: 1
  m_Materials:
  - {fileID: 2100000, guid: 8472629c999bd4949b126e5ce9f7b48f, type: 2}
  m_StaticBatchInfo:
    firstSubMesh: 0
    subMeshCount: 0
  m_StaticBatchRoot: {fileID: 0}
  m_ProbeAnchor: {fileID: 0}
  m_LightProbeVolumeOverride: {fileID: 0}
  m_ScaleInLightmap: 1
  m_PreserveUVs: 0
  m_IgnoreNormalsForChartDetection: 0
  m_ImportantGI: 0
  m_StitchLightmapSeams: 0
  m_SelectedEditorRenderState: 3
  m_MinimumChartSize: 4
  m_AutoUVMaxDistance: 0.5
  m_AutoUVMaxAngle: 89
  m_LightmapParameters: {fileID: 0}
  m_SortingLayerID: 0
  m_SortingLayer: 0
  m_SortingOrder: 0
--- !u!33 &1173147948
MeshFilter:
  m_ObjectHideFlags: 0
  m_PrefabParentObject: {fileID: 3344902, guid: 217352bf0da9ebb458dbf7e513e2735d,
    type: 2}
  m_PrefabInternal: {fileID: 343088927}
  m_GameObject: {fileID: 1173147944}
  m_Mesh: {fileID: 4300000, guid: 66294da3089ce5c40929cbc1c8adf48a, type: 3}
--- !u!1001 &1358448791
Prefab:
  m_ObjectHideFlags: 0
  serializedVersion: 2
  m_Modification:
    m_TransformParent: {fileID: 0}
    m_Modifications:
    - target: {fileID: 407362, guid: 217352bf0da9ebb458dbf7e513e2735d, type: 2}
      propertyPath: m_LocalPosition.x
      value: .486999989
      objectReference: {fileID: 0}
    - target: {fileID: 407362, guid: 217352bf0da9ebb458dbf7e513e2735d, type: 2}
      propertyPath: m_LocalPosition.y
      value: .797999978
      objectReference: {fileID: 0}
    - target: {fileID: 407362, guid: 217352bf0da9ebb458dbf7e513e2735d, type: 2}
      propertyPath: m_LocalPosition.z
      value: -.0790000036
      objectReference: {fileID: 0}
    - target: {fileID: 407362, guid: 217352bf0da9ebb458dbf7e513e2735d, type: 2}
      propertyPath: m_LocalRotation.x
      value: 0
      objectReference: {fileID: 0}
    - target: {fileID: 407362, guid: 217352bf0da9ebb458dbf7e513e2735d, type: 2}
      propertyPath: m_LocalRotation.y
      value: -.243246481
      objectReference: {fileID: 0}
    - target: {fileID: 407362, guid: 217352bf0da9ebb458dbf7e513e2735d, type: 2}
      propertyPath: m_LocalRotation.z
      value: 0
      objectReference: {fileID: 0}
    - target: {fileID: 407362, guid: 217352bf0da9ebb458dbf7e513e2735d, type: 2}
      propertyPath: m_LocalRotation.w
      value: .969964504
      objectReference: {fileID: 0}
    - target: {fileID: 407362, guid: 217352bf0da9ebb458dbf7e513e2735d, type: 2}
      propertyPath: m_RootOrder
      value: 0
      objectReference: {fileID: 0}
    - target: {fileID: 108158, guid: 217352bf0da9ebb458dbf7e513e2735d, type: 2}
      propertyPath: m_Name
      value: WoodenCrate 3
      objectReference: {fileID: 0}
    m_RemovedComponents: []
  m_ParentPrefab: {fileID: 100100000, guid: 217352bf0da9ebb458dbf7e513e2735d, type: 2}
  m_RootGameObject: {fileID: 1583971065}
  m_IsPrefabParent: 0
--- !u!1 &1386780553
GameObject:
  m_ObjectHideFlags: 0
  m_PrefabParentObject: {fileID: 177772, guid: 217352bf0da9ebb458dbf7e513e2735d, type: 2}
  m_PrefabInternal: {fileID: 785090542}
  serializedVersion: 5
  m_Component:
  - component: {fileID: 1386780554}
  - component: {fileID: 1386780557}
  - component: {fileID: 1386780556}
  - component: {fileID: 1386780555}
  m_Layer: 0
  m_Name: WoodenCrateMesh
  m_TagString: Untagged
  m_Icon: {fileID: 0}
  m_NavMeshLayer: 0
  m_StaticEditorFlags: 0
  m_IsActive: 1
--- !u!4 &1386780554
Transform:
  m_ObjectHideFlags: 0
  m_PrefabParentObject: {fileID: 435884, guid: 217352bf0da9ebb458dbf7e513e2735d, type: 2}
  m_PrefabInternal: {fileID: 785090542}
  m_GameObject: {fileID: 1386780553}
  m_LocalRotation: {x: -0.7071068, y: 0, z: 0, w: 0.7071067}
  m_LocalPosition: {x: 0, y: 0, z: 0}
  m_LocalScale: {x: 1, y: 1, z: 1}
  m_Children: []
  m_Father: {fileID: 2129619897}
  m_RootOrder: 0
  m_LocalEulerAnglesHint: {x: 0, y: 0, z: 0}
--- !u!65 &1386780555
BoxCollider:
  m_ObjectHideFlags: 0
  m_PrefabParentObject: {fileID: 6522806, guid: 217352bf0da9ebb458dbf7e513e2735d,
    type: 2}
  m_PrefabInternal: {fileID: 785090542}
  m_GameObject: {fileID: 1386780553}
  m_Material: {fileID: 0}
  m_IsTrigger: 0
  m_Enabled: 1
  serializedVersion: 2
  m_Size: {x: 0.8650856, y: 0.8650855, z: 0.79819655}
  m_Center: {x: 0, y: 0, z: 0.39909828}
--- !u!23 &1386780556
MeshRenderer:
  m_ObjectHideFlags: 0
  m_PrefabParentObject: {fileID: 2316930, guid: 217352bf0da9ebb458dbf7e513e2735d,
    type: 2}
  m_PrefabInternal: {fileID: 785090542}
  m_GameObject: {fileID: 1386780553}
  m_Enabled: 1
  m_CastShadows: 1
  m_ReceiveShadows: 1
  m_DynamicOccludee: 1
  m_MotionVectors: 1
  m_LightProbeUsage: 1
  m_ReflectionProbeUsage: 1
  m_Materials:
  - {fileID: 2100000, guid: 8472629c999bd4949b126e5ce9f7b48f, type: 2}
  m_StaticBatchInfo:
    firstSubMesh: 0
    subMeshCount: 0
  m_StaticBatchRoot: {fileID: 0}
  m_ProbeAnchor: {fileID: 0}
  m_LightProbeVolumeOverride: {fileID: 0}
  m_ScaleInLightmap: 1
  m_PreserveUVs: 0
  m_IgnoreNormalsForChartDetection: 0
  m_ImportantGI: 0
  m_StitchLightmapSeams: 0
  m_SelectedEditorRenderState: 3
  m_MinimumChartSize: 4
  m_AutoUVMaxDistance: 0.5
  m_AutoUVMaxAngle: 89
  m_LightmapParameters: {fileID: 0}
  m_SortingLayerID: 0
  m_SortingLayer: 0
  m_SortingOrder: 0
--- !u!33 &1386780557
MeshFilter:
  m_ObjectHideFlags: 0
  m_PrefabParentObject: {fileID: 3344902, guid: 217352bf0da9ebb458dbf7e513e2735d,
    type: 2}
  m_PrefabInternal: {fileID: 785090542}
  m_GameObject: {fileID: 1386780553}
  m_Mesh: {fileID: 4300000, guid: 66294da3089ce5c40929cbc1c8adf48a, type: 3}
--- !u!1 &1536021997
GameObject:
  m_ObjectHideFlags: 0
  m_PrefabParentObject: {fileID: 108158, guid: 217352bf0da9ebb458dbf7e513e2735d, type: 2}
  m_PrefabInternal: {fileID: 830919667}
  serializedVersion: 5
  m_Component:
  - component: {fileID: 1536021998}
  m_Layer: 0
  m_Name: WoodenCrate 6
  m_TagString: Untagged
  m_Icon: {fileID: 0}
  m_NavMeshLayer: 0
  m_StaticEditorFlags: 0
  m_IsActive: 1
--- !u!4 &1536021998
Transform:
  m_ObjectHideFlags: 0
  m_PrefabParentObject: {fileID: 407362, guid: 217352bf0da9ebb458dbf7e513e2735d, type: 2}
  m_PrefabInternal: {fileID: 830919667}
  m_GameObject: {fileID: 1536021997}
  m_LocalRotation: {x: 0, y: 0.15209255, z: 0, w: 0.98836625}
  m_LocalPosition: {x: 2.76, y: 0, z: 1.63}
  m_LocalScale: {x: 1, y: 1, z: 1}
  m_Children:
  - {fileID: 2026580518}
  m_Father: {fileID: 0}
  m_RootOrder: 4
  m_LocalEulerAnglesHint: {x: 0, y: 0, z: 0}
--- !u!1 &1562947904
GameObject:
  m_ObjectHideFlags: 0
  m_PrefabParentObject: {fileID: 0}
  m_PrefabInternal: {fileID: 0}
  serializedVersion: 5
  m_Component:
  - component: {fileID: 1562947908}
  - component: {fileID: 1562947907}
  - component: {fileID: 1562947906}
  - component: {fileID: 1562947905}
  m_Layer: 0
  m_Name: FakeFloor
  m_TagString: Untagged
  m_Icon: {fileID: 0}
  m_NavMeshLayer: 0
  m_StaticEditorFlags: 0
  m_IsActive: 1
--- !u!23 &1562947905
MeshRenderer:
  m_ObjectHideFlags: 0
  m_PrefabParentObject: {fileID: 0}
  m_PrefabInternal: {fileID: 0}
  m_GameObject: {fileID: 1562947904}
  m_Enabled: 1
  m_CastShadows: 1
  m_ReceiveShadows: 1
  m_DynamicOccludee: 1
  m_MotionVectors: 1
  m_LightProbeUsage: 1
  m_ReflectionProbeUsage: 1
  m_Materials:
  - {fileID: 10303, guid: 0000000000000000f000000000000000, type: 0}
  m_StaticBatchInfo:
    firstSubMesh: 0
    subMeshCount: 0
  m_StaticBatchRoot: {fileID: 0}
  m_ProbeAnchor: {fileID: 0}
  m_LightProbeVolumeOverride: {fileID: 0}
  m_ScaleInLightmap: 1
  m_PreserveUVs: 1
  m_IgnoreNormalsForChartDetection: 0
  m_ImportantGI: 0
  m_StitchLightmapSeams: 0
  m_SelectedEditorRenderState: 3
  m_MinimumChartSize: 4
  m_AutoUVMaxDistance: 0.5
  m_AutoUVMaxAngle: 89
  m_LightmapParameters: {fileID: 0}
  m_SortingLayerID: 0
  m_SortingLayer: 0
  m_SortingOrder: 0
--- !u!64 &1562947906
MeshCollider:
  m_ObjectHideFlags: 0
  m_PrefabParentObject: {fileID: 0}
  m_PrefabInternal: {fileID: 0}
  m_GameObject: {fileID: 1562947904}
  m_Material: {fileID: 0}
  m_IsTrigger: 0
  m_Enabled: 1
  serializedVersion: 2
  m_Convex: 0
  m_InflateMesh: 0
  m_SkinWidth: 0.01
  m_Mesh: {fileID: 10209, guid: 0000000000000000e000000000000000, type: 0}
--- !u!33 &1562947907
MeshFilter:
  m_ObjectHideFlags: 0
  m_PrefabParentObject: {fileID: 0}
  m_PrefabInternal: {fileID: 0}
  m_GameObject: {fileID: 1562947904}
  m_Mesh: {fileID: 10209, guid: 0000000000000000e000000000000000, type: 0}
--- !u!4 &1562947908
Transform:
  m_ObjectHideFlags: 0
  m_PrefabParentObject: {fileID: 0}
  m_PrefabInternal: {fileID: 0}
  m_GameObject: {fileID: 1562947904}
  m_LocalRotation: {x: 0, y: 0, z: 0, w: 1}
  m_LocalPosition: {x: 0, y: 0, z: 0}
  m_LocalScale: {x: 10, y: 1, z: 10}
  m_Children: []
  m_Father: {fileID: 0}
  m_RootOrder: 9
  m_LocalEulerAnglesHint: {x: 0, y: 0, z: 0}
--- !u!1 &1583971065
GameObject:
  m_ObjectHideFlags: 0
  m_PrefabParentObject: {fileID: 108158, guid: 217352bf0da9ebb458dbf7e513e2735d, type: 2}
  m_PrefabInternal: {fileID: 1358448791}
  serializedVersion: 5
  m_Component:
  - component: {fileID: 1583971066}
  m_Layer: 0
  m_Name: WoodenCrate 3
  m_TagString: Untagged
  m_Icon: {fileID: 0}
  m_NavMeshLayer: 0
  m_StaticEditorFlags: 0
  m_IsActive: 1
--- !u!4 &1583971066
Transform:
  m_ObjectHideFlags: 0
  m_PrefabParentObject: {fileID: 407362, guid: 217352bf0da9ebb458dbf7e513e2735d, type: 2}
  m_PrefabInternal: {fileID: 1358448791}
  m_GameObject: {fileID: 1583971065}
  m_LocalRotation: {x: 0, y: -0.24324648, z: 0, w: 0.9699645}
  m_LocalPosition: {x: 0.487, y: 0.798, z: -0.079}
  m_LocalScale: {x: 1, y: 1, z: 1}
  m_Children:
  - {fileID: 2144528660}
  m_Father: {fileID: 0}
  m_RootOrder: 2
  m_LocalEulerAnglesHint: {x: 0, y: 0, z: 0}
--- !u!1 &1598741701
GameObject:
  m_ObjectHideFlags: 0
  m_PrefabParentObject: {fileID: 108158, guid: 217352bf0da9ebb458dbf7e513e2735d, type: 2}
  m_PrefabInternal: {fileID: 343088927}
  serializedVersion: 5
  m_Component:
  - component: {fileID: 1598741702}
  m_Layer: 0
  m_Name: WoodenCrate 1
  m_TagString: Untagged
  m_Icon: {fileID: 0}
  m_NavMeshLayer: 0
  m_StaticEditorFlags: 0
  m_IsActive: 1
--- !u!4 &1598741702
Transform:
  m_ObjectHideFlags: 0
  m_PrefabParentObject: {fileID: 407362, guid: 217352bf0da9ebb458dbf7e513e2735d, type: 2}
  m_PrefabInternal: {fileID: 343088927}
  m_GameObject: {fileID: 1598741701}
  m_LocalRotation: {x: 0, y: -0.29093435, z: 0, w: 0.956743}
  m_LocalPosition: {x: 1.026, y: 0, z: -0.02}
  m_LocalScale: {x: 1, y: 1, z: 1}
  m_Children:
  - {fileID: 1173147945}
  m_Father: {fileID: 0}
  m_RootOrder: 6
  m_LocalEulerAnglesHint: {x: 0, y: 0, z: 0}
--- !u!1 &1674821506
GameObject:
  m_ObjectHideFlags: 0
  m_PrefabParentObject: {fileID: 108158, guid: 217352bf0da9ebb458dbf7e513e2735d, type: 2}
  m_PrefabInternal: {fileID: 1680459236}
  serializedVersion: 5
  m_Component:
  - component: {fileID: 1674821507}
  m_Layer: 0
  m_Name: WoodenCrate 5
  m_TagString: Untagged
  m_Icon: {fileID: 0}
  m_NavMeshLayer: 0
  m_StaticEditorFlags: 0
  m_IsActive: 1
--- !u!4 &1674821507
Transform:
  m_ObjectHideFlags: 0
  m_PrefabParentObject: {fileID: 407362, guid: 217352bf0da9ebb458dbf7e513e2735d, type: 2}
  m_PrefabInternal: {fileID: 1680459236}
  m_GameObject: {fileID: 1674821506}
  m_LocalRotation: {x: 0, y: 0.15209255, z: 0, w: 0.98836625}
  m_LocalPosition: {x: -1.174, y: 0, z: -1.368}
  m_LocalScale: {x: 1, y: 1, z: 1}
  m_Children:
  - {fileID: 2138526695}
  m_Father: {fileID: 0}
  m_RootOrder: 1
  m_LocalEulerAnglesHint: {x: 0, y: 0, z: 0}
--- !u!1 &1675246576
GameObject:
  m_ObjectHideFlags: 0
  m_PrefabParentObject: {fileID: 0}
  m_PrefabInternal: {fileID: 0}
  serializedVersion: 5
  m_Component:
  - component: {fileID: 1675246578}
  - component: {fileID: 1675246577}
  m_Layer: 0
  m_Name: Directional Light
  m_TagString: Untagged
  m_Icon: {fileID: 0}
  m_NavMeshLayer: 0
  m_StaticEditorFlags: 0
  m_IsActive: 1
--- !u!108 &1675246577
Light:
  m_ObjectHideFlags: 0
  m_PrefabParentObject: {fileID: 0}
  m_PrefabInternal: {fileID: 0}
  m_GameObject: {fileID: 1675246576}
  m_Enabled: 1
  serializedVersion: 8
  m_Type: 1
  m_Color: {r: 1, g: 0.95686275, b: 0.8392157, a: 1}
  m_Intensity: 1
  m_Range: 10
  m_SpotAngle: 30
  m_CookieSize: 10
  m_Shadows:
    m_Type: 2
    m_Resolution: 3
    m_CustomResolution: -1
    m_Strength: 1
    m_Bias: 0.049
    m_NormalBias: 0
    m_NearPlane: 0.2
  m_Cookie: {fileID: 0}
  m_DrawHalo: 0
  m_Flare: {fileID: 0}
  m_RenderMode: 0
  m_CullingMask:
    serializedVersion: 2
    m_Bits: 4294967295
  m_Lightmapping: 4
  m_AreaSize: {x: 1, y: 1}
  m_BounceIntensity: 1
  m_ColorTemperature: 6570
  m_UseColorTemperature: 0
  m_ShadowRadius: 0
  m_ShadowAngle: 0
--- !u!4 &1675246578
Transform:
  m_ObjectHideFlags: 0
  m_PrefabParentObject: {fileID: 0}
  m_PrefabInternal: {fileID: 0}
  m_GameObject: {fileID: 1675246576}
  m_LocalRotation: {x: 0.40821794, y: -0.23456973, z: 0.109381676, w: 0.87542605}
  m_LocalPosition: {x: 0, y: 3, z: 0}
  m_LocalScale: {x: 1, y: 1, z: 1}
  m_Children: []
  m_Father: {fileID: 0}
  m_RootOrder: 8
  m_LocalEulerAnglesHint: {x: 0, y: 0, z: 0}
--- !u!1001 &1680459236
Prefab:
  m_ObjectHideFlags: 0
  serializedVersion: 2
  m_Modification:
    m_TransformParent: {fileID: 0}
    m_Modifications:
    - target: {fileID: 407362, guid: 217352bf0da9ebb458dbf7e513e2735d, type: 2}
      propertyPath: m_LocalPosition.x
      value: -1.17400002
      objectReference: {fileID: 0}
    - target: {fileID: 407362, guid: 217352bf0da9ebb458dbf7e513e2735d, type: 2}
      propertyPath: m_LocalPosition.y
      value: 0
      objectReference: {fileID: 0}
    - target: {fileID: 407362, guid: 217352bf0da9ebb458dbf7e513e2735d, type: 2}
      propertyPath: m_LocalPosition.z
      value: -1.36800003
      objectReference: {fileID: 0}
    - target: {fileID: 407362, guid: 217352bf0da9ebb458dbf7e513e2735d, type: 2}
      propertyPath: m_LocalRotation.x
      value: 0
      objectReference: {fileID: 0}
    - target: {fileID: 407362, guid: 217352bf0da9ebb458dbf7e513e2735d, type: 2}
      propertyPath: m_LocalRotation.y
      value: .152092546
      objectReference: {fileID: 0}
    - target: {fileID: 407362, guid: 217352bf0da9ebb458dbf7e513e2735d, type: 2}
      propertyPath: m_LocalRotation.z
      value: 0
      objectReference: {fileID: 0}
    - target: {fileID: 407362, guid: 217352bf0da9ebb458dbf7e513e2735d, type: 2}
      propertyPath: m_LocalRotation.w
      value: .988366246
      objectReference: {fileID: 0}
    - target: {fileID: 407362, guid: 217352bf0da9ebb458dbf7e513e2735d, type: 2}
      propertyPath: m_RootOrder
      value: 0
      objectReference: {fileID: 0}
    - target: {fileID: 108158, guid: 217352bf0da9ebb458dbf7e513e2735d, type: 2}
      propertyPath: m_Name
      value: WoodenCrate 5
      objectReference: {fileID: 0}
    m_RemovedComponents: []
  m_ParentPrefab: {fileID: 100100000, guid: 217352bf0da9ebb458dbf7e513e2735d, type: 2}
  m_RootGameObject: {fileID: 1674821506}
  m_IsPrefabParent: 0
--- !u!1 &1699713142
GameObject:
  m_ObjectHideFlags: 0
  m_PrefabParentObject: {fileID: 0}
  m_PrefabInternal: {fileID: 0}
  serializedVersion: 5
  m_Component:
  - component: {fileID: 1699713147}
  - component: {fileID: 1699713146}
  - component: {fileID: 1699713145}
  - component: {fileID: 1699713144}
  - component: {fileID: 1699713143}
  m_Layer: 0
  m_Name: Main Camera
  m_TagString: MainCamera
  m_Icon: {fileID: 0}
  m_NavMeshLayer: 0
  m_StaticEditorFlags: 0
  m_IsActive: 1
--- !u!81 &1699713143
AudioListener:
  m_ObjectHideFlags: 0
  m_PrefabParentObject: {fileID: 0}
  m_PrefabInternal: {fileID: 0}
  m_GameObject: {fileID: 1699713142}
  m_Enabled: 1
--- !u!124 &1699713144
Behaviour:
  m_ObjectHideFlags: 0
  m_PrefabParentObject: {fileID: 0}
  m_PrefabInternal: {fileID: 0}
  m_GameObject: {fileID: 1699713142}
  m_Enabled: 1
--- !u!92 &1699713145
Behaviour:
  m_ObjectHideFlags: 0
  m_PrefabParentObject: {fileID: 0}
  m_PrefabInternal: {fileID: 0}
  m_GameObject: {fileID: 1699713142}
  m_Enabled: 1
--- !u!20 &1699713146
Camera:
  m_ObjectHideFlags: 0
  m_PrefabParentObject: {fileID: 0}
  m_PrefabInternal: {fileID: 0}
  m_GameObject: {fileID: 1699713142}
  m_Enabled: 1
  serializedVersion: 2
  m_ClearFlags: 1
  m_BackGroundColor: {r: 0.19215687, g: 0.3019608, b: 0.4745098, a: 0.019607844}
  m_NormalizedViewPortRect:
    serializedVersion: 2
    x: 0
    y: 0
    width: 1
    height: 1
  near clip plane: 0.3
  far clip plane: 1000
  field of view: 60
  orthographic: 0
  orthographic size: 5
  m_Depth: -1
  m_CullingMask:
    serializedVersion: 2
    m_Bits: 4294967295
  m_RenderingPath: -1
  m_TargetTexture: {fileID: 0}
  m_TargetDisplay: 0
  m_TargetEye: 3
  m_HDR: 0
  m_AllowMSAA: 1
  m_ForceIntoRT: 0
  m_OcclusionCulling: 1
  m_StereoConvergence: 10
  m_StereoSeparation: 0.022
--- !u!4 &1699713147
Transform:
  m_ObjectHideFlags: 0
  m_PrefabParentObject: {fileID: 0}
  m_PrefabInternal: {fileID: 0}
  m_GameObject: {fileID: 1699713142}
  m_LocalRotation: {x: 0, y: 0, z: 0, w: 1}
  m_LocalPosition: {x: 0, y: 1, z: -4.82}
  m_LocalScale: {x: 1, y: 1, z: 1}
  m_Children: []
  m_Father: {fileID: 0}
  m_RootOrder: 7
  m_LocalEulerAnglesHint: {x: 0, y: 0, z: 0}
--- !u!1 &1792819267
GameObject:
  m_ObjectHideFlags: 0
  m_PrefabParentObject: {fileID: 108158, guid: 217352bf0da9ebb458dbf7e513e2735d, type: 2}
  m_PrefabInternal: {fileID: 1935857316}
  serializedVersion: 5
  m_Component:
  - component: {fileID: 1792819268}
  m_Layer: 0
  m_Name: WoodenCrate 2
  m_TagString: Untagged
  m_Icon: {fileID: 0}
  m_NavMeshLayer: 0
  m_StaticEditorFlags: 0
  m_IsActive: 1
--- !u!4 &1792819268
Transform:
  m_ObjectHideFlags: 0
  m_PrefabParentObject: {fileID: 407362, guid: 217352bf0da9ebb458dbf7e513e2735d, type: 2}
  m_PrefabInternal: {fileID: 1935857316}
  m_GameObject: {fileID: 1792819267}
  m_LocalRotation: {x: 0, y: -0.8679699, z: 0, w: 0.49661687}
  m_LocalPosition: {x: -1.12, y: 0, z: 0.199}
  m_LocalScale: {x: 1, y: 1, z: 1}
  m_Children:
  - {fileID: 45004411}
  m_Father: {fileID: 0}
  m_RootOrder: 0
  m_LocalEulerAnglesHint: {x: 0, y: 0, z: 0}
--- !u!1 &1803479238
GameObject:
  m_ObjectHideFlags: 0
  m_PrefabParentObject: {fileID: 177772, guid: 217352bf0da9ebb458dbf7e513e2735d, type: 2}
  m_PrefabInternal: {fileID: 874147224}
  serializedVersion: 5
  m_Component:
  - component: {fileID: 1803479239}
  - component: {fileID: 1803479242}
  - component: {fileID: 1803479241}
  - component: {fileID: 1803479240}
  m_Layer: 0
  m_Name: WoodenCrateMesh
  m_TagString: Untagged
  m_Icon: {fileID: 0}
  m_NavMeshLayer: 0
  m_StaticEditorFlags: 0
  m_IsActive: 1
--- !u!4 &1803479239
Transform:
  m_ObjectHideFlags: 0
  m_PrefabParentObject: {fileID: 435884, guid: 217352bf0da9ebb458dbf7e513e2735d, type: 2}
  m_PrefabInternal: {fileID: 874147224}
  m_GameObject: {fileID: 1803479238}
  m_LocalRotation: {x: -0.7071068, y: 0, z: 0, w: 0.7071067}
  m_LocalPosition: {x: 0, y: 0, z: 0}
  m_LocalScale: {x: 1, y: 1, z: 1}
  m_Children: []
  m_Father: {fileID: 2113682480}
  m_RootOrder: 0
  m_LocalEulerAnglesHint: {x: 0, y: 0, z: 0}
--- !u!65 &1803479240
BoxCollider:
  m_ObjectHideFlags: 0
  m_PrefabParentObject: {fileID: 6522806, guid: 217352bf0da9ebb458dbf7e513e2735d,
    type: 2}
  m_PrefabInternal: {fileID: 874147224}
  m_GameObject: {fileID: 1803479238}
  m_Material: {fileID: 0}
  m_IsTrigger: 0
  m_Enabled: 1
  serializedVersion: 2
  m_Size: {x: 0.8650856, y: 0.8650855, z: 0.79819655}
  m_Center: {x: 0, y: 0, z: 0.39909828}
--- !u!23 &1803479241
MeshRenderer:
  m_ObjectHideFlags: 0
  m_PrefabParentObject: {fileID: 2316930, guid: 217352bf0da9ebb458dbf7e513e2735d,
    type: 2}
  m_PrefabInternal: {fileID: 874147224}
  m_GameObject: {fileID: 1803479238}
  m_Enabled: 1
  m_CastShadows: 1
  m_ReceiveShadows: 1
  m_DynamicOccludee: 1
  m_MotionVectors: 1
  m_LightProbeUsage: 1
  m_ReflectionProbeUsage: 1
  m_Materials:
  - {fileID: 2100000, guid: 8472629c999bd4949b126e5ce9f7b48f, type: 2}
  m_StaticBatchInfo:
    firstSubMesh: 0
    subMeshCount: 0
  m_StaticBatchRoot: {fileID: 0}
  m_ProbeAnchor: {fileID: 0}
  m_LightProbeVolumeOverride: {fileID: 0}
  m_ScaleInLightmap: 1
  m_PreserveUVs: 0
  m_IgnoreNormalsForChartDetection: 0
  m_ImportantGI: 0
  m_StitchLightmapSeams: 0
  m_SelectedEditorRenderState: 3
  m_MinimumChartSize: 4
  m_AutoUVMaxDistance: 0.5
  m_AutoUVMaxAngle: 89
  m_LightmapParameters: {fileID: 0}
  m_SortingLayerID: 0
  m_SortingLayer: 0
  m_SortingOrder: 0
--- !u!33 &1803479242
MeshFilter:
  m_ObjectHideFlags: 0
  m_PrefabParentObject: {fileID: 3344902, guid: 217352bf0da9ebb458dbf7e513e2735d,
    type: 2}
  m_PrefabInternal: {fileID: 874147224}
  m_GameObject: {fileID: 1803479238}
  m_Mesh: {fileID: 4300000, guid: 66294da3089ce5c40929cbc1c8adf48a, type: 3}
--- !u!1001 &1935857316
Prefab:
  m_ObjectHideFlags: 0
  serializedVersion: 2
  m_Modification:
    m_TransformParent: {fileID: 0}
    m_Modifications:
    - target: {fileID: 407362, guid: 217352bf0da9ebb458dbf7e513e2735d, type: 2}
      propertyPath: m_LocalPosition.x
      value: -1.12
      objectReference: {fileID: 0}
    - target: {fileID: 407362, guid: 217352bf0da9ebb458dbf7e513e2735d, type: 2}
      propertyPath: m_LocalPosition.y
      value: 0
      objectReference: {fileID: 0}
    - target: {fileID: 407362, guid: 217352bf0da9ebb458dbf7e513e2735d, type: 2}
      propertyPath: m_LocalPosition.z
      value: .199000001
      objectReference: {fileID: 0}
    - target: {fileID: 407362, guid: 217352bf0da9ebb458dbf7e513e2735d, type: 2}
      propertyPath: m_LocalRotation.x
      value: 0
      objectReference: {fileID: 0}
    - target: {fileID: 407362, guid: 217352bf0da9ebb458dbf7e513e2735d, type: 2}
      propertyPath: m_LocalRotation.y
      value: -.867969871
      objectReference: {fileID: 0}
    - target: {fileID: 407362, guid: 217352bf0da9ebb458dbf7e513e2735d, type: 2}
      propertyPath: m_LocalRotation.z
      value: 0
      objectReference: {fileID: 0}
    - target: {fileID: 407362, guid: 217352bf0da9ebb458dbf7e513e2735d, type: 2}
      propertyPath: m_LocalRotation.w
      value: .49661687
      objectReference: {fileID: 0}
    - target: {fileID: 407362, guid: 217352bf0da9ebb458dbf7e513e2735d, type: 2}
      propertyPath: m_RootOrder
      value: 0
      objectReference: {fileID: 0}
    - target: {fileID: 108158, guid: 217352bf0da9ebb458dbf7e513e2735d, type: 2}
      propertyPath: m_Name
      value: WoodenCrate 2
      objectReference: {fileID: 0}
    m_RemovedComponents: []
  m_ParentPrefab: {fileID: 100100000, guid: 217352bf0da9ebb458dbf7e513e2735d, type: 2}
  m_RootGameObject: {fileID: 1792819267}
  m_IsPrefabParent: 0
--- !u!1 &2026580517
GameObject:
  m_ObjectHideFlags: 0
  m_PrefabParentObject: {fileID: 177772, guid: 217352bf0da9ebb458dbf7e513e2735d, type: 2}
  m_PrefabInternal: {fileID: 830919667}
  serializedVersion: 5
  m_Component:
  - component: {fileID: 2026580518}
  - component: {fileID: 2026580521}
  - component: {fileID: 2026580520}
  - component: {fileID: 2026580519}
  m_Layer: 0
  m_Name: WoodenCrateMesh
  m_TagString: Untagged
  m_Icon: {fileID: 0}
  m_NavMeshLayer: 0
  m_StaticEditorFlags: 0
  m_IsActive: 1
--- !u!4 &2026580518
Transform:
  m_ObjectHideFlags: 0
  m_PrefabParentObject: {fileID: 435884, guid: 217352bf0da9ebb458dbf7e513e2735d, type: 2}
  m_PrefabInternal: {fileID: 830919667}
  m_GameObject: {fileID: 2026580517}
  m_LocalRotation: {x: -0.7071068, y: 0, z: 0, w: 0.7071067}
  m_LocalPosition: {x: 0, y: 0, z: 0}
  m_LocalScale: {x: 1, y: 1, z: 1}
  m_Children: []
  m_Father: {fileID: 1536021998}
  m_RootOrder: 0
  m_LocalEulerAnglesHint: {x: 0, y: 0, z: 0}
--- !u!65 &2026580519
BoxCollider:
  m_ObjectHideFlags: 0
  m_PrefabParentObject: {fileID: 6522806, guid: 217352bf0da9ebb458dbf7e513e2735d,
    type: 2}
  m_PrefabInternal: {fileID: 830919667}
  m_GameObject: {fileID: 2026580517}
  m_Material: {fileID: 0}
  m_IsTrigger: 0
  m_Enabled: 1
  serializedVersion: 2
  m_Size: {x: 0.8650856, y: 0.8650855, z: 0.79819655}
  m_Center: {x: 0, y: 0, z: 0.39909828}
--- !u!23 &2026580520
MeshRenderer:
  m_ObjectHideFlags: 0
  m_PrefabParentObject: {fileID: 2316930, guid: 217352bf0da9ebb458dbf7e513e2735d,
    type: 2}
  m_PrefabInternal: {fileID: 830919667}
  m_GameObject: {fileID: 2026580517}
  m_Enabled: 1
  m_CastShadows: 1
  m_ReceiveShadows: 1
  m_DynamicOccludee: 1
  m_MotionVectors: 1
  m_LightProbeUsage: 1
  m_ReflectionProbeUsage: 1
  m_Materials:
  - {fileID: 2100000, guid: 8472629c999bd4949b126e5ce9f7b48f, type: 2}
  m_StaticBatchInfo:
    firstSubMesh: 0
    subMeshCount: 0
  m_StaticBatchRoot: {fileID: 0}
  m_ProbeAnchor: {fileID: 0}
  m_LightProbeVolumeOverride: {fileID: 0}
  m_ScaleInLightmap: 1
  m_PreserveUVs: 0
  m_IgnoreNormalsForChartDetection: 0
  m_ImportantGI: 0
  m_StitchLightmapSeams: 0
  m_SelectedEditorRenderState: 3
  m_MinimumChartSize: 4
  m_AutoUVMaxDistance: 0.5
  m_AutoUVMaxAngle: 89
  m_LightmapParameters: {fileID: 0}
  m_SortingLayerID: 0
  m_SortingLayer: 0
  m_SortingOrder: 0
--- !u!33 &2026580521
MeshFilter:
  m_ObjectHideFlags: 0
  m_PrefabParentObject: {fileID: 3344902, guid: 217352bf0da9ebb458dbf7e513e2735d,
    type: 2}
  m_PrefabInternal: {fileID: 830919667}
  m_GameObject: {fileID: 2026580517}
  m_Mesh: {fileID: 4300000, guid: 66294da3089ce5c40929cbc1c8adf48a, type: 3}
--- !u!1 &2113682479
GameObject:
  m_ObjectHideFlags: 0
  m_PrefabParentObject: {fileID: 108158, guid: 217352bf0da9ebb458dbf7e513e2735d, type: 2}
  m_PrefabInternal: {fileID: 874147224}
  serializedVersion: 5
  m_Component:
  - component: {fileID: 2113682480}
  m_Layer: 0
  m_Name: WoodenCrate
  m_TagString: Untagged
  m_Icon: {fileID: 0}
  m_NavMeshLayer: 0
  m_StaticEditorFlags: 0
  m_IsActive: 1
--- !u!4 &2113682480
Transform:
  m_ObjectHideFlags: 0
  m_PrefabParentObject: {fileID: 407362, guid: 217352bf0da9ebb458dbf7e513e2735d, type: 2}
  m_PrefabInternal: {fileID: 874147224}
  m_GameObject: {fileID: 2113682479}
  m_LocalRotation: {x: 0, y: 0, z: 0, w: 1}
  m_LocalPosition: {x: 0, y: 0, z: 0}
  m_LocalScale: {x: 1, y: 1, z: 1}
  m_Children:
  - {fileID: 1803479239}
  m_Father: {fileID: 0}
  m_RootOrder: 3
  m_LocalEulerAnglesHint: {x: 0, y: 0, z: 0}
--- !u!1 &2129619896
GameObject:
  m_ObjectHideFlags: 0
  m_PrefabParentObject: {fileID: 108158, guid: 217352bf0da9ebb458dbf7e513e2735d, type: 2}
  m_PrefabInternal: {fileID: 785090542}
  serializedVersion: 5
  m_Component:
  - component: {fileID: 2129619897}
  m_Layer: 0
  m_Name: WoodenCrate 4
  m_TagString: Untagged
  m_Icon: {fileID: 0}
  m_NavMeshLayer: 0
  m_StaticEditorFlags: 0
  m_IsActive: 1
--- !u!4 &2129619897
Transform:
  m_ObjectHideFlags: 0
  m_PrefabParentObject: {fileID: 407362, guid: 217352bf0da9ebb458dbf7e513e2735d, type: 2}
  m_PrefabInternal: {fileID: 785090542}
  m_GameObject: {fileID: 2129619896}
  m_LocalRotation: {x: 0, y: -0.7850973, z: 0, w: 0.61937255}
  m_LocalPosition: {x: -0.63, y: 0.798, z: -0.079}
  m_LocalScale: {x: 1, y: 1, z: 1}
  m_Children:
  - {fileID: 1386780554}
  m_Father: {fileID: 0}
  m_RootOrder: 5
  m_LocalEulerAnglesHint: {x: 0, y: 0, z: 0}
--- !u!1 &2138526694
GameObject:
  m_ObjectHideFlags: 0
  m_PrefabParentObject: {fileID: 177772, guid: 217352bf0da9ebb458dbf7e513e2735d, type: 2}
  m_PrefabInternal: {fileID: 1680459236}
  serializedVersion: 5
  m_Component:
  - component: {fileID: 2138526695}
  - component: {fileID: 2138526698}
  - component: {fileID: 2138526697}
  - component: {fileID: 2138526696}
  m_Layer: 0
  m_Name: WoodenCrateMesh
  m_TagString: Untagged
  m_Icon: {fileID: 0}
  m_NavMeshLayer: 0
  m_StaticEditorFlags: 0
  m_IsActive: 1
--- !u!4 &2138526695
Transform:
  m_ObjectHideFlags: 0
  m_PrefabParentObject: {fileID: 435884, guid: 217352bf0da9ebb458dbf7e513e2735d, type: 2}
  m_PrefabInternal: {fileID: 1680459236}
  m_GameObject: {fileID: 2138526694}
  m_LocalRotation: {x: -0.7071068, y: 0, z: 0, w: 0.7071067}
  m_LocalPosition: {x: 0, y: 0, z: 0}
  m_LocalScale: {x: 1, y: 1, z: 1}
  m_Children: []
  m_Father: {fileID: 1674821507}
  m_RootOrder: 0
  m_LocalEulerAnglesHint: {x: 0, y: 0, z: 0}
--- !u!65 &2138526696
BoxCollider:
  m_ObjectHideFlags: 0
  m_PrefabParentObject: {fileID: 6522806, guid: 217352bf0da9ebb458dbf7e513e2735d,
    type: 2}
  m_PrefabInternal: {fileID: 1680459236}
  m_GameObject: {fileID: 2138526694}
  m_Material: {fileID: 0}
  m_IsTrigger: 0
  m_Enabled: 1
  serializedVersion: 2
  m_Size: {x: 0.8650856, y: 0.8650855, z: 0.79819655}
  m_Center: {x: 0, y: 0, z: 0.39909828}
--- !u!23 &2138526697
MeshRenderer:
  m_ObjectHideFlags: 0
  m_PrefabParentObject: {fileID: 2316930, guid: 217352bf0da9ebb458dbf7e513e2735d,
    type: 2}
  m_PrefabInternal: {fileID: 1680459236}
  m_GameObject: {fileID: 2138526694}
  m_Enabled: 1
  m_CastShadows: 1
  m_ReceiveShadows: 1
  m_DynamicOccludee: 1
  m_MotionVectors: 1
  m_LightProbeUsage: 1
  m_ReflectionProbeUsage: 1
  m_Materials:
  - {fileID: 2100000, guid: 8472629c999bd4949b126e5ce9f7b48f, type: 2}
  m_StaticBatchInfo:
    firstSubMesh: 0
    subMeshCount: 0
  m_StaticBatchRoot: {fileID: 0}
  m_ProbeAnchor: {fileID: 0}
  m_LightProbeVolumeOverride: {fileID: 0}
  m_ScaleInLightmap: 1
  m_PreserveUVs: 0
  m_IgnoreNormalsForChartDetection: 0
  m_ImportantGI: 0
  m_StitchLightmapSeams: 0
  m_SelectedEditorRenderState: 3
  m_MinimumChartSize: 4
  m_AutoUVMaxDistance: 0.5
  m_AutoUVMaxAngle: 89
  m_LightmapParameters: {fileID: 0}
  m_SortingLayerID: 0
  m_SortingLayer: 0
  m_SortingOrder: 0
--- !u!33 &2138526698
MeshFilter:
  m_ObjectHideFlags: 0
  m_PrefabParentObject: {fileID: 3344902, guid: 217352bf0da9ebb458dbf7e513e2735d,
    type: 2}
  m_PrefabInternal: {fileID: 1680459236}
  m_GameObject: {fileID: 2138526694}
  m_Mesh: {fileID: 4300000, guid: 66294da3089ce5c40929cbc1c8adf48a, type: 3}
--- !u!1 &2144528659
GameObject:
  m_ObjectHideFlags: 0
  m_PrefabParentObject: {fileID: 177772, guid: 217352bf0da9ebb458dbf7e513e2735d, type: 2}
  m_PrefabInternal: {fileID: 1358448791}
  serializedVersion: 5
  m_Component:
  - component: {fileID: 2144528660}
  - component: {fileID: 2144528663}
  - component: {fileID: 2144528662}
  - component: {fileID: 2144528661}
  m_Layer: 0
  m_Name: WoodenCrateMesh
  m_TagString: Untagged
  m_Icon: {fileID: 0}
  m_NavMeshLayer: 0
  m_StaticEditorFlags: 0
  m_IsActive: 1
--- !u!4 &2144528660
Transform:
  m_ObjectHideFlags: 0
  m_PrefabParentObject: {fileID: 435884, guid: 217352bf0da9ebb458dbf7e513e2735d, type: 2}
  m_PrefabInternal: {fileID: 1358448791}
  m_GameObject: {fileID: 2144528659}
  m_LocalRotation: {x: -0.7071068, y: 0, z: 0, w: 0.7071067}
  m_LocalPosition: {x: 0, y: 0, z: 0}
  m_LocalScale: {x: 1, y: 1, z: 1}
  m_Children: []
  m_Father: {fileID: 1583971066}
  m_RootOrder: 0
  m_LocalEulerAnglesHint: {x: 0, y: 0, z: 0}
--- !u!65 &2144528661
BoxCollider:
  m_ObjectHideFlags: 0
  m_PrefabParentObject: {fileID: 6522806, guid: 217352bf0da9ebb458dbf7e513e2735d,
    type: 2}
  m_PrefabInternal: {fileID: 1358448791}
  m_GameObject: {fileID: 2144528659}
  m_Material: {fileID: 0}
  m_IsTrigger: 0
  m_Enabled: 1
  serializedVersion: 2
  m_Size: {x: 0.8650856, y: 0.8650855, z: 0.79819655}
  m_Center: {x: 0, y: 0, z: 0.39909828}
--- !u!23 &2144528662
MeshRenderer:
  m_ObjectHideFlags: 0
  m_PrefabParentObject: {fileID: 2316930, guid: 217352bf0da9ebb458dbf7e513e2735d,
    type: 2}
  m_PrefabInternal: {fileID: 1358448791}
  m_GameObject: {fileID: 2144528659}
  m_Enabled: 1
  m_CastShadows: 1
  m_ReceiveShadows: 1
  m_DynamicOccludee: 1
  m_MotionVectors: 1
  m_LightProbeUsage: 1
  m_ReflectionProbeUsage: 1
  m_Materials:
  - {fileID: 2100000, guid: 8472629c999bd4949b126e5ce9f7b48f, type: 2}
  m_StaticBatchInfo:
    firstSubMesh: 0
    subMeshCount: 0
  m_StaticBatchRoot: {fileID: 0}
  m_ProbeAnchor: {fileID: 0}
  m_LightProbeVolumeOverride: {fileID: 0}
  m_ScaleInLightmap: 1
  m_PreserveUVs: 0
  m_IgnoreNormalsForChartDetection: 0
  m_ImportantGI: 0
  m_StitchLightmapSeams: 0
  m_SelectedEditorRenderState: 3
  m_MinimumChartSize: 4
  m_AutoUVMaxDistance: 0.5
  m_AutoUVMaxAngle: 89
  m_LightmapParameters: {fileID: 0}
  m_SortingLayerID: 0
  m_SortingLayer: 0
  m_SortingOrder: 0
--- !u!33 &2144528663
MeshFilter:
  m_ObjectHideFlags: 0
  m_PrefabParentObject: {fileID: 3344902, guid: 217352bf0da9ebb458dbf7e513e2735d,
    type: 2}
  m_PrefabInternal: {fileID: 1358448791}
  m_GameObject: {fileID: 2144528659}
  m_Mesh: {fileID: 4300000, guid: 66294da3089ce5c40929cbc1c8adf48a, type: 3}
